@Misc{asf,
  OPTkey = 	 {},
  OPTauthor = 	 {},
  title = 	 {{Advanced Synchronization Facility Proposed Architectural Specification}},
  month = 	 {March},
  year = 	 {2009},
  note = 	 {\url{http://developer.amd.com/wordpress/media/2013/09/45432-ASF_Spec_2.1.pdf}},
  OPTannote = 	 {}
}

@inproceedings{ale15,
  author    = {Yehuda Afek and
               Alexander Matveev and
               Oscar R. Moll and
               Nir Shavit},
  title     = {Amalgamated Lock-Elision},
  booktitle = {Proceedings of 29th Int. Sym. on Distributed Computing, {DISC} '15},
  pages     = {309--324},
  year      = {2015},
  url       = {http://dx.doi.org/10.1007/978-3-662-48653-5_21}
  
}

@inproceedings{hytm14disc,
  author    = {Dan Alistarh and
               Justin Kopinsky and
               Petr Kuznetsov and
               Srivatsan Ravi and
               Nir Shavit},
  title     = {Inherent Limitations of Hybrid Transactional Memory},
  booktitle = {Proceedings of 29th Int. Sym. on Distributed Computing, {DISC} '15},
  pages     = {185--199},
  year      = {2015}
}

@article{AHM09,
year={2011},
issn={1432-4350},
journal={Theory of Computing Systems},
volume={49},
number={4},
title={Inherent Limitations on Disjoint-Access Parallel Implementations of Transactional Memory},
publisher={Springer-Verlag},
keywords={Transactional memory; Disjoint-access parallelism; Partial snapshots; Lower bound; Impossibility result},
author={Attiya, Hagit and Hillel, Eshcar and Milani, Alessia},
pages={698-719},
language={English}
}

@inproceedings{BKLL16,
  author    = {Trevor Brown and
               Alex Kogan and
               Yossi Lev and
               Victor Luchangco},
  title     = {Investigating the Performance of Hardware Transactions on a Multi-Socket
               Machine},
  booktitle = {Proceedings of 28th {ACM} Sym. on Parallelism in Algorithms
               and Architectures, {SPAA} '16},
  pages     = {121--132},
  year      = {2016}
  
}

@inproceedings{Calciu14,
  author    = {Irina Calciu and
               Justin Gottschlich and
               Tatiana Shpeisman and
               Gilles Pokam and
               Maurice Herlihy},
  title     = {Invyswell: a hybrid transactional memory for Haswell's restricted
               transactional memory},
  booktitle = {Int. Conf. on Par. Arch. and Compilation, {PACT} '14},
  pages     = {187--200},
  year      = {2014}
  
}

@inproceedings{hybridnorec,
  author = {Dalessandro, Luke and Carouge, Francois and White, Sean and Lev, Yossi and Moir, Mark and Scott, Michael L. and Spear, Michael F.},
  booktitle = {ASPLOS '11},
  isbn = {978-1-4503-0266-1},
  keywords = {dblp},
  pages = {39-52},
  publisher = {ACM},
  title = {{Hybrid NOrec: a case study in the effectiveness of best effort hardware transactional memory}},
  year = 2011
}

@article{norec,
 author = {Dalessandro, Luke and Spear, Michael F. and Scott, Michael L.},
 title = {NOrec: Streamlining STM by Abolishing Ownership Records},
 journal = {SIGPLAN Not.},
 issue_date = {May 2010},
 volume = {45},
 number = {5},
 month = jan,
 year = {2010},
 issn = {0362-1340},
 pages = {67--78},
 numpages = {12},
 acmid = {1693464},
 publisher = {ACM},
 address = {New York, NY, USA},
 keywords = {ownership records, software transactional memory, transactional memory, transactional memory models},
} 

@article{damronhytm,
 author = {Damron, Peter and Fedorova, Alexandra and Lev, Yossi and Luchangco, Victor and Moir, Mark and Nussbaum, Daniel},
 title = {Hybrid Transactional Memory},
 journal = {SIGPLAN Not.},
 issue_date = {November 2006},
 volume = {41},
 number = {11},
 month = oct,
 year = {2006},
 issn = {0362-1340},
 pages = {336--346},
 numpages = {11},
 acmid = {1168900},
 publisher = {ACM},
 address = {New York, NY, USA},
 keywords = {transactional memory},
} 

@inproceedings{DSS06,
 author = {Dice, Dave and Shalev, Ori and Shavit, Nir},
 title = {Transactional Locking II},
 booktitle = {Proceedings of the 20th International Conference on Distributed Computing},
 series = {DISC'06},
 year = {2006},
 isbn = {3-540-44624-9, 978-3-540-44624-8},
 location = {Stockholm, Sweden},
 pages = {194--208},
 numpages = {15},
 acmid = {2136065},
 publisher = {Springer-Verlag},
 address = {Berlin, Heidelberg},
} 

@TECHREPORT{fraser,
	AUTHOR = {Fraser, K.},
	TITLE = {Practical lock-freedom},
	INSTITUTION = {Cambridge University Computer Laboratory},
	YEAR = {2003}

}

@BOOK{tm-book,
	AUTHOR		= "Guerraoui, Rachid and  Kapalka, Michal",
	TITLE		= "Principles of Transactional Memory, Synthesis Lectures on Distributed Computing Theory",
	PUBLISHER	= "Morgan and Claypool",
	YEAR		= "2010"
}

@inproceedings{HLM+03,
 author = {Herlihy, Maurice and Luchangco, Victor and Moir, Mark and Scherer,III, William N.},
 title = {Software Transactional Memory for Dynamic-sized Data Structures},
 booktitle = {Proc. of 22nd Int. Sym. on Principles of Distr. Comp.},
 series = {PODC '03},
 year = {2003},
 isbn = {1-58113-708-7},
 location = {Boston, Massachusetts},
 pages = {92--101},
 numpages = {10},
 acmid = {872048},
 publisher = {ACM},
 address = {New York, NY, USA},
} 

@InProceedings{HM93,
	author = "Maurice Herlihy and J. Eliot B. Moss",
	title = "Transactional memory: architectural support for lock-free data structures",
	booktitle = "ISCA",
	year = "1993",
	pages = "289--300"
}

@inproceedings{kumarhytm,
 author = {Kumar, Sanjeev and Chu, Michael and Hughes, Christopher J. and Kundu, Partha and Nguyen, Anthony},
 title = {Hybrid Transactional Memory},
 booktitle = {Proceedings of the Eleventh ACM SIGPLAN Symposium on Principles and Practice of Parallel Programming},
 series = {PPoPP '06},
 year = {2006},
 isbn = {1-59593-189-9},
 location = {New York, New York, USA},
 pages = {209--220},
 numpages = {12},
 acmid = {1123003},
 publisher = {ACM},
 address = {New York, NY, USA},
 keywords = {architecture support, nonblocking, transactional memory, transactions},
} 

@inproceedings{prog15-pact,
  author    = {Petr Kuznetsov and
               Srivatsan Ravi},
  title     = {Progressive Transactional Memory in Time and Space},
  booktitle = {Proceedings of 13th Int. Conf. on Parallel Computing Technologies, PaCT '15},
  pages     = {410--425},
  year      = {2015}
  
}


@article{bluegene,
  author    = {Hung Q. Le and
               G. L. Guthrie and
               Derek Williams and
               Maged M. Michael and
               Brad Frey and
               William J. Starke and
               Cathy May and
               Rei Odaira and
               Takuya Nakaike},
  title     = {Transactional memory support in the {IBM} {POWER8} processor},
  journal   = {{IBM} Journal of Research and Development},
  volume    = {59},
  number    = {1},
  year      = {2015}
  
}

@INPROCEEDINGS{phasedtm,
    author = {Yossi Lev and Mark Moir and Dan Nussbaum},
    title = {PhTM: Phased transactional memory},
    booktitle = {In Workshop on Transactional Computing (Transact)},
    year = {2007}
}

@inproceedings{MS13,
  title={Reduced hardware transactions: a new approach to hybrid transactional memory},
  author={Matveev, Alexander and Shavit, Nir},
  booktitle={Proceedings of the 25th ACM symposium on Parallelism in algorithms and architectures},
  pages={11--22},
  year={2013},
  organization={ACM}
}

@inproceedings{htm-survey,
 author = {Nakaike, Takuya and Odaira, Rei and Gaudet, Matthew and Michael, Maged M. and Tomari, Hisanobu},
 title = {Quantitative Comparison of Hardware Transactional Memory for {Blue Gene/Q}, {zEnterprise EC12}, {Intel Core}, and {POWER8}},
 booktitle = {Proc. of 42nd Int. Sym. on Comp. Arch.},
 series = {ISCA~'15},
 year = {2015},
 isbn = {978-1-4503-3402-0},
 location = {Portland, Oregon},
 pages = {144--157},
 numpages = {14},
 acmid = {2750403},
 address = {NY, USA},
} 

@article{nguyen-thesis,
  Author = "Andrew T. Nguyen",
  Title = "Investigation of Hardware Transactional Memory",
  note =   "http://groups.csail.mit.edu/mag/Andrew-Nguyen-Thesis.pdf",
  Year = 2015
  
  }

  @inproceedings{tle,
 author = {Rajwar, Ravi and Goodman, James R.},
 title = {Speculative Lock Elision: Enabling Highly Concurrent Multithreaded Execution},
 booktitle = {Proc. of 34th ACM/IEEE Int. Sym. on Microarchitecture},
 series = {MICRO '01},
 year = {2001},
 isbn = {0-7695-1369-7},
 location = {Austin, Texas},
 pages = {294--305},
 numpages = {12},
 acmid = {564036},
 address = {Washington, DC, USA},
} 

@inproceedings{hynorecriegel,
  title={Optimizing hybrid transactional memory: The importance of nonspeculative operations},
  author={Riegel, Torvald and Marlier, Patrick and Nowack, Martin and Felber, Pascal and Fetzer, Christof},
  booktitle={Proc. of 23rd ACM Sym. on Parallelism in Algs. and Arch.},
  pages={53--64},
  year={2011},
  organization={ACM}
}

@InProceedings{ST95,
	author = "Nir Shavit and Dan Touitou",
	title = "Software transactional memory",
	booktitle = "Principles of Distributed Computing (PODC)",
	year = "1995",
	pages = "204--213"
}

@inproceedings{haswell,
 author = {Yoo, Richard M. and Hughes, Christopher J. and Lai, Konrad and Rajwar, Ravi},
 title = {Performance Evaluation of Intel{\&Reg}; Transactional Synchronization Extensions for High-performance Computing},
 booktitle = {Proceedings of Int. Conf. on High Perf. Computing, Networking, Storage and Analysis},
 series = {SC '13},
 year = {2013},
 isbn = {978-1-4503-2378-9},
 location = {Denver, Colorado},
 pages = {19:1--19:11},
 articleno = {19},
 numpages = {11},
 acmid = {2503232},
 address = {New York, NY, USA},
 keywords = {high-performance computing, transactional memory},
} 
